
@Article{         owen1956tables,
  title         = {Tables for computing bivariate normal probabilities},
  author        = {Owen, Donald B},
  journal       = {The Annals of Mathematical Statistics},
  volume        = {27},
  number        = {4},
  pages         = {1075--1090},
  year          = {1956},
  publisher     = {JSTOR}
}

@Article{         longuet1957statistical,
  title         = {The statistical analysis of a random, moving surface},
  author        = {Longuet-Higgins, Michael S},
  journal       = {Philosophical Transactions of the Royal Society of London A:
                  Mathematical, Physical and Engineering Sciences},
  volume        = {249},
  number        = {966},
  pages         = {321--387},
  year          = {1957},
  publisher     = {The Royal Society}
}

@Article{         wallace1958asymptotic,
  title         = {Asymptotic approximations to distributions},
  author        = {Wallace, David L},
  journal       = {The Annals of Mathematical Statistics},
  volume        = {29},
  number        = {3},
  pages         = {635--654},
  year          = {1958},
  publisher     = {JSTOR}
}

@Article{         longuet1963nonlinear,
  title         = {The effect of non-linearities on statistical distributions in
                  the theory of sea waves},
  author        = {Longuet-Higgins, Michael S},
  journal       = {Journal of fluid mechanics},
  volume        = {17},
  number        = {03},
  pages         = {459--480},
  year          = {1963},
  publisher     = {Cambridge University Press}
}

@Book{            kochin1966theoretical,
  title         = {Theoretical hydrodynamics [in Russian]},
  author        = {Kochin, N. and Kibel, I. and Roze, N.},
  pages         = {237},
  year          = {1966},
  publisher     = {FizMatLit}
}

@InProceedings{   hewitt1973universal,
  title         = {A universal modular actor formalism for artificial
                  intelligence},
  author        = {Hewitt, Carl and Bishop, Peter and Steiger, Richard},
  booktitle     = {Proceedings of the 3rd international joint conference on
                  Artificial intelligence},
  pages         = {235--245},
  year          = {1973},
  organization  = {Morgan Kaufmann Publishers Inc.}
}

@Book{            box1976time,
  title         = {Time series analysis: forecasting and control, revised ed},
  author        = {Box, George EP and Jenkins, Gwilym M},
  year          = {1976},
  publisher     = {Holden-Day}
}

@Article{         huang1980experimental,
  title         = {An experimental study of the surface elevation probability
                  distribution and statistics of wind-generated waves},
  author        = {Huang, Norden E. and Long, Steven R.},
  journal       = {Journal of Fluid Mechanics},
  volume        = {101},
  number        = {01},
  pages         = {179--200},
  year          = {1980},
  publisher     = {Cambridge Univ Press}
}

@TechReport{      schmitke1981shipmo,
  title         = {SHIPMO: A FORTRAN PROGRAM TO PREDICT SHIP MOTIONS IN WAVES},
  author        = {Schmitke, RT and Whitten, BT},
  year          = {1981}
}

@Book{            spanos1982arma,
  title         = {ARMA Algorithms for Ocean Spectral Analysis},
  author        = {Spanos, Pol D},
  year          = {1982},
  publisher     = {University of Texas at Austin. Engineering Mechanics Research
                  Laboratory}
}

@Article{         van1982album,
  title         = {An album of fluid motion},
  author        = {Van Dyke, Milton},
  year          = {1982},
  publisher     = {Parabolic Press Stanford}
}

@Article{         boccotti1983wind,
  title         = {On wind wave kinematics},
  author        = {Boccotti, Paolo},
  journal       = {Meccanica},
  volume        = {18},
  number        = {4},
  pages         = {205--216},
  year          = {1983},
  publisher     = {Springer}
}

@Article{         spanos1983arma,
  title         = {ARMA algorithms for ocean wave modeling},
  author        = {Spanos, PT D},
  journal       = {Journal of Energy Resources Technology},
  volume        = {105},
  number        = {3},
  pages         = {300--309},
  year          = {1983},
  publisher     = {American Society of Mechanical Engineers}
}

@TechReport{      agha1985actors,
  title         = {Actors: A model of concurrent computation in distributed
                  systems.},
  author        = {Agha, Gul A},
  year          = {1985},
  institution   = {DTIC Document}
}

@Article{         fischer1985impossibility,
  title         = {Impossibility of distributed consensus with one faulty
                  process},
  author        = {Fischer, Michael J and Lynch, Nancy A and Paterson, Michael
                  S},
  journal       = {Journal of the ACM (JACM)},
  volume        = {32},
  number        = {2},
  pages         = {374--382},
  year          = {1985},
  publisher     = {ACM}
}

@Book{            oppenheim1989discrete,
  title         = {Discrete-time signal processing},
  author        = {Oppenheim, Alan V and Schafer, Ronald W and Buck, John R and
                  others},
  volume        = {2},
  year          = {1989},
  publisher     = {Prentice hall Englewood Cliffs, NJ}
}

@Book{            rozhkov1990stochastic,
  title         = {Вероятностные модели
                  океанологических процессов},
  author        = {Рожков, Валентин Алексеевич and
                  Трапезников, Юрий Александрович},
  year          = {1990},
  publisher     = {Гидрометеоиздат}
}

@Article{         valiant1990bridging,
  title         = {A bridging model for parallel computation},
  author        = {Valiant, Leslie G.},
  journal       = {Communications of the ACM},
  volume        = {33},
  number        = {8},
  pages         = {103--111},
  year          = {1990},
  publisher     = {ACM}
}

@Article{         mignolet1992simulation1,
  title         = {Simulation of homogeneous two-dimensional random fields: Part
                  I --- AR and ARMA models},
  author        = {Mignolet, Marc P. and Spanos, Pol D.},
  journal       = {Journal of applied mechanics},
  volume        = {59},
  number        = {2S},
  pages         = {S260--S269},
  year          = {1992},
  publisher     = {American Society of Mechanical Engineers}
}

@Article{         spanos1992simulation2,
  title         = {Simulation of homogeneous two-dimensional random fields: Part
                  II --- MA and ARMA Models},
  author        = {Spanos, Pol D. and Mignolet, Marc P.},
  journal       = {Journal of applied mechanics},
  volume        = {59},
  number        = {2S},
  pages         = {S270--S277},
  year          = {1992},
  publisher     = {American Society of Mechanical Engineers}
}

@Article{         fekete1993impossibility,
  title         = {The impossibility of implementing reliable communication in
                  the face of crashes},
  author        = {Fekete, Alan and Lynch, Nancy and Mansour, Yishay and
                  Spinelli, John},
  journal       = {Journal of the ACM (JACM)},
  volume        = {40},
  number        = {5},
  pages         = {1087--1107},
  year          = {1993},
  publisher     = {ACM}
}

@Article{         brunekreef1996design,
  title         = {Design and analysis of dynamic leader election protocols in
                  broadcast networks},
  author        = {Brunekreef, Jacob and Katoen, Joost-Pieter and Koymans, Ron
                  and Mauw, Sjouke},
  journal       = {Distributed Computing},
  volume        = {9},
  number        = {4},
  pages         = {157--171},
  year          = {1996},
  publisher     = {Springer}
}

@Article{         kilgard1996opengl,
  title         = {The OpenGL Utility Toolkit (GLUT) Programming Interface},
  author        = {Kilgard, Mark J.},
  year          = {1996},
  publisher     = {Citeseer}
}

@Article{         rozhkov1996theory,
  title         = {Теория вероятностей случайных
                  событий, величин и функций с
                  гидрометеорологическими
                  примерами},
  author        = {Рожков, В. А.},
  journal       = {СПб, Прогресс--Погода},
  year          = {1996}
}

@Article{         spanos1996efficient,
  title         = {Efficient iterative ARMA approximation of multivariate random
                  processes for structural dynamics applications},
  author        = {Spanos, Pol D. and Zeldin, B. A.},
  journal       = {Earthquake engineering \& structural dynamics},
  volume        = {25},
  number        = {5},
  pages         = {497--507},
  year          = {1996},
  publisher     = {Wiley Online Library}
}

@PhDThesis{       zeldin1996representation,
  title         = {Representation and synthesis of random fields: ARMA,
                  Galerkin, and wavelet procedures},
  author        = {Zeldin, Boris A.},
  year          = {1996},
  school        = {Rice University}
}

@PhDThesis{       boukhanovsky1997thesis,
  author        = {Бухановский, А. В.},
  title         = {Вероятностное моделирование
                  полей ветрового волнения с учетом
                  их неоднородности и
                  нестационарности},
  year          = {1997},
  school        = {СПбГУ}
}

@TechReport{      degtyarev1997analysis,
  author        = {Degtyarev, A. and Boukhanovsky, A.},
  title         = {Analysis of Peculiarities of Ship-Environmental Interaction},
  month         = {September},
  year          = {1997},
  address       = {Ship Stability Research Center, Glasgow},
  number        = {09-97-1AB-1VA},
  institution   = {Strathclyde University}
}

@InProceedings{   veldhuizen1997will,
  title         = {Will C++ be faster than Fortran?},
  author        = {Veldhuizen, Todd L. and Jernigan, M. Ed.},
  booktitle     = {International Conference on Computing in Object-Oriented
                  Parallel Environments},
  pages         = {49--56},
  year          = {1997},
  organization  = {Springer}
}

@InProceedings{   degtyarev1998modelling,
  author        = {Дегтярев, А. Б. and Подолякин, А. Б.},
  title         = {Имитационное моделирование
                  поведения судна на реальном
                  волнении},
  address       = {Санкт-Петербург},
  volume        = {B},
  pages         = {416--423},
  booktitle     = {Тр. II Межд. конф. по судостроению
                  – ISC'98},
  year          = {1998}
}

@Article{         matsumoto1998dynamic,
  title         = {Dynamic creation of pseudorandom number generators},
  author        = {Matsumoto, Makoto and Nishimura, Takuji},
  journal       = {Monte Carlo and Quasi-Monte Carlo Methods},
  volume        = {2000},
  pages         = {56--69},
  year          = {1998}
}

@Article{         matsumoto1998mersenne,
  title         = {Mersenne twister: a 623-dimensionally equidistributed uniform
                  pseudo-random number generator},
  author        = {Matsumoto, Makoto and Nishimura, Takuji},
  journal       = {ACM Transactions on Modeling and Computer Simulation
                  (TOMACS)},
  volume        = {8},
  number        = {1},
  pages         = {3--30},
  year          = {1998},
  publisher     = {ACM}
}

@TechReport{      rfc2338,
  author        = {S. Knight and D. Weaver and D. Whipple and R. Hinden and D.
                  Mitzel and P. Hunt and P. Higginson and M. Shand and A.
                  Lindem},
  title         = {{Virtual Router Redundancy Protocol}},
  howpublished  = {Internet Requests for Comments},
  type          = {RFC},
  number        = 2338,
  pages         = {1--26},
  year          = {1998},
  month         = {April},
  issn          = {2070-1721},
  publisher     = {RFC Editor},
  institution   = {RFC Editor},
  url           = {http://www.rfc-editor.org/rfc/rfc2338.txt},
  doi           = {10.17487/RFC2338}
}

@Article{         byoungseon1999arma3d,
  author        = {ByoungSeon Choi},
  journal       = {IEEE Transactions on Signal Processing},
  title         = {An order-recursive algorithm to solve the 3-D Yule-Walker
                  equations of causal 3-D AR models},
  year          = {1999},
  volume        = {47},
  number        = {9},
  pages         = {2491--2502},
  doi           = {10.1109/78.782192},
  issn          = {1053-587X},
  month         = {Sep}
}

@InProceedings{   zotkin1999job,
  title         = {Job-length estimation and performance in backfilling
                  schedulers},
  author        = {Zotkin, Dinitry and Keleher, Peter J.},
  booktitle     = {Proceedings of 
                  the 8\textsuperscript{th} International Symposium on High Performance Distributed Computing},
  pages         = {236--243},
  year          = {1999},
  organization  = {IEEE}
}

@Article{         gansner00anopen,
  author        = {Emden R. Gansner and Stephen C. North},
  title         = {An open graph visualization system and its applications to
                  software engineering},
  journal       = {SOFTWARE - PRACTICE AND EXPERIENCE},
  year          = {2000},
  volume        = {30},
  number        = {11},
  pages         = {1203--1233},
  url           = {http://www.graphviz.org/}
}

@Book{            tel2000introduction,
  title         = {Introduction to distributed algorithms},
  author        = {Tel, Gerard},
  year          = {2000},
  publisher     = {Cambridge University press}
}

@Article{         veldhuizen2000techniques,
  title         = {Techniques for scientific C++},
  author        = {Veldhuizen, Todd},
  journal       = {Computer science technical report},
  volume        = {542},
  pages         = {60},
  year          = {2000},
  publisher     = {Citeseer}
}

@InCollection{    aguilera2001stable,
  title         = {Stable leader election},
  author        = {Aguilera, Marcos K and Delporte-Gallet, Carole and
                  Fauconnier, Hugues and Toueg, Sam},
  booktitle     = {Distributed Computing},
  pages         = {108--122},
  year          = {2001},
  publisher     = {Springer}
}

@Article{         beck2001modern,
  title         = {Modern computational methods for ships in a seaway},
  author        = {Beck, Robert F. and Reed, Arthur M.},
  journal       = {Transactions of Society of Naval Architects and Marine
                  Engineers},
  volume        = {109},
  pages         = {1--48},
  year          = {2001},
  publisher     = {Society of Naval Architects and Marine Engineers}
}

@InCollection{    bhandarkar2001adaptive,
  title         = {Adaptive load balancing for MPI programs},
  author        = {Bhandarkar, Milind and Kal{\'e}, Laxmikant V. and de Sturler,
                  Eric and Hoeflinger, Jay},
  booktitle     = {International Conference on Computational Science (ICCS'01)},
  pages         = {108--117},
  year          = {2001},
  publisher     = {Springer}
}

@InCollection{    boukhanovsky2001peculiarities,
  title         = {Peculiarities of Computer Simulation and Statistical
                  Representation of Time-Spatial Metocean Fields},
  author        = {Boukhanovsky, A. and Rozhkov, V. and Degtyarev, A.},
  booktitle     = {International Conference on Computational Science (ICCS'01)},
  pages         = {463--472},
  year          = {2001},
  publisher     = {Springer}
}

@InProceedings{   kat2001prediction,
  title         = {Prediction of extreme motions and capsizing of ships and
                  offshore marine vehicles},
  author        = {de Kat, Jan O. and Paulling, J. Randolph},
  booktitle     = {20\textsuperscript{th} Conference on Offshore Mechanics and
                  Arctic Engineering (OMAE'01)},
  year          = {2001}
}

@Article{         cassen2002keepalived,
  title         = {Keepalived: Health checking for LVS \& high availability},
  author        = {Cassen, Alexandre},
  journal       = {URL http://www.linuxvirtualserver.org},
  year          = {2002}
}

@InProceedings{   van2002development,
  title         = {Development, validation and application of a time domain
                  seakeeping method for high speed craft with a ride control
                  system},
  author        = {van Walree, F.},
  booktitle     = {Proceedings of the 24\textsuperscript{th} Symposium on Naval
                  Hydrodynamics},
  year          = {2002}
}

@PhDThesis{       armstrong2003thesis,
  title         = {Making reliable distributed systems in the presence of
                  software errors},
  author        = {Armstrong, Joe},
  year          = {2003},
  school        = {The Royal Institute of Technology Stockholm, Sweden}
}

@Article{         shin2003nonlinear,
  title         = {Nonlinear time domain simulation technology for seakeeping
                  and wave-load analysis for modern ship design. Authors'
                  closure},
  author        = {Shin, Y. S. and Belenky, V. L. and Lin, W. M. and Weems, K.
                  M. and Engle, A. H. and Mc Taggart, Kevin and Falzarano,
                  Jeffrey M. and Hutchison, Bruce L. and Gerigk, Miroslaw and
                  Grochowalski, Stefan},
  journal       = {Transactions of Society of Naval Architects and Marine
                  Engineers},
  volume        = {111},
  pages         = {557--583},
  year          = {2003},
  publisher     = {Society of Naval Architects and Marine Engineers}
}

@TechReport{      rfc3768,
  author        = {Robert Hinden},
  title         = {{Virtual Router Redundancy Protocol (VRRP)}},
  howpublished  = {Internet Requests for Comments},
  type          = {RFC},
  number        = 3768,
  pages         = {1--27},
  year          = {2004},
  month         = {April},
  issn          = {2070-1721},
  publisher     = {RFC Editor},
  institution   = {RFC Editor},
  url           = {http://www.rfc-editor.org/rfc/rfc3768.txt},
  doi           = {10.17487/RFC3768}
}

@InProceedings{   liew2005arma3d,
  author        = {J. Liew and S. L. Marple},
  booktitle     = {Proceedings. (ICASSP '05). IEEE International Conference on
                  Acoustics, Speech, and Signal Processing, 2005.},
  title         = {Three-dimensional fast algorithm solution for octant-based
                  three-dimensional Yule-Walker equations},
  year          = {2005},
  volume        = {2},
  pages         = {889--892},
  doi           = {10.1109/ICASSP.2005.1415548},
  issn          = {1520-6149},
  month         = {March}
}

@Article{         engelmann2006symmetric,
  title         = {Symmetric active/active high availability for
                  high-performance computing system services},
  author        = {Engelmann, Christian and Scott, Stephen L. and Leangsuksun,
                  Chokchai Box and He, Xubin Ben},
  journal       = {Journal of Computers},
  volume        = {1},
  number        = {8},
  pages         = {43--54},
  year          = {2006}
}

@InProceedings{   uhlemann2006joshua,
  author        = {K. Uhlemann and C. Engelmann and S. L. Scott},
  booktitle     = {IEEE International Conference on Cluster Computing},
  title         = {JOSHUA: Symmetric Active/Active Replication for Highly
                  Available HPC Job and Resource Management},
  year          = {2006},
  pages         = {1--10},
  doi           = {10.1109/CLUSTR.2006.311855},
  issn          = {1552-5244},
  month         = {September}
}

@Article{         van2007forensic,
  title         = {Forensic research into the loss of ships by means of a time
                  domain simulation tool},
  author        = {van Walree, F. and de Kat, J. O. and Ractliffe, A. T.},
  journal       = {International shipbuilding progress},
  volume        = {54},
  number        = {4},
  pages         = {381--407},
  year          = {2007},
  publisher     = {IOS Press}
}

@Article{         dean2008mapreduce,
  title         = {{MapReduce}: Simplified data processing on large clusters},
  author        = {Dean, Jeffrey and Ghemawat, Sanjay},
  journal       = {Communications of the ACM},
  volume        = {51},
  number        = {1},
  pages         = {107--113},
  year          = {2008},
  publisher     = {ACM}
}

@Article{         goto2008anatomy,
  title         = {Anatomy of high-performance matrix multiplication},
  author        = {Goto, Kazushige and Geijn, Robert A},
  journal       = {ACM Transactions on Mathematical Software (TOMS)},
  volume        = {34},
  number        = {3},
  pages         = {12},
  year          = {2008},
  publisher     = {ACM}
}

@Article{         goto2008high,
  title         = {High-performance implementation of the level-3 BLAS},
  author        = {Goto, Kazushige and Van De Geijn, Robert},
  journal       = {ACM Transactions on Mathematical Software (TOMS)},
  volume        = {35},
  number        = {1},
  pages         = {4},
  year          = {2008},
  publisher     = {ACM}
}

@Misc{            gsl2008scientific,
  title         = {Scientific Library},
  author        = {GSL, GNU},
  year          = {2008}
}

@Book{            sarkar2008lattice,
  title         = {Lattice: Multivariate Data Visualization with R},
  author        = {Deepayan Sarkar},
  publisher     = {Springer},
  address       = {New York},
  year          = {2008},
  isbn          = {978-0-387-75968-5},
  note          = {ISBN 978-0-387-75968-5},
  url           = {http://lmdvr.r-forge.r-project.org}
}

@InProceedings{   fabri2009cgal,
  title         = {CGAL: The computational geometry algorithms library},
  author        = {Fabri, Andreas and Pion, Sylvain},
  booktitle     = {Proceedings of the 17\textsuperscript{th} ACM SIGSPATIAL
                  international conference on advances in geographic information
                  systems},
  pages         = {538--539},
  year          = {2009},
  organization  = {ACM}
}

@Book{            galassi2015gnu,
  author        = {Galassi, M. and Davies, J. and Theiler, J. and Gough, B. and
                  Jungman, G. and Alken, P. and Booth, M. and Rossi, F. and
                  Ulerich, R.},
  title         = {GNU Scientific Library Reference Manual},
  year          = {2009},
  isbn          = {0954612078, 9780954612078},
  edition       = {3},
  publisher     = {Network Theory Ltd.},
  editor        = {Brian Gough}
}

@TechReport{      rfc5482,
  author        = {Lars Eggert and Fernando Gont},
  title         = {{TCP User Timeout Option}},
  howpublished  = {Internet Requests for Comments},
  type          = {RFC},
  number        = 5482,
  pages         = {1--13},
  year          = {2009},
  month         = {March},
  issn          = {2070-1721},
  publisher     = {RFC Editor},
  institution   = {RFC Editor},
  url           = {http://www.rfc-editor.org/rfc/rfc5482.txt},
  doi           = {10.17487/RFC5482}
}

@Book{            anderson2010couchdb,
  title         = {CouchDB: The definitive guide},
  author        = {Anderson, J. Chris and Lehnardt, Jan and Slater, Noah},
  year          = {2010},
  publisher     = {O'Reilly Media, Inc.}
}

@Book{            dominik2010org,
  author        = {Carsten Dominik},
  title         = {The Org-Mode 7 Reference Manual: Organize Your Life with GNU
                  Emacs},
  publisher     = {Network Theory},
  year          = 2010,
  address       = {UK},
  note          = {with contributions by David O'Toole, Bastien Guerry, Philip
                  Rooke, Dan Davison, Eric Schulte, and Thomas Dye}
}

@Article{         fusco2010short,
  title         = {Short-term wave forecasting for real-time control of wave
                  energy converters},
  author        = {Fusco, Francesco and Ringwood, John V.},
  journal       = {IEEE Transactions on sustainable energy},
  volume        = {1},
  number        = {2},
  pages         = {99--106},
  year          = {2010},
  publisher     = {IEEE}
}

@InProceedings{   hunt2010zookeeper,
  title         = {ZooKeeper: Wait-free Coordination for Internet-scale
                  Systems.},
  author        = {Hunt, Patrick and Konar, Mahadev and Junqueira, Flavio Paiva
                  and Reed, Benjamin},
  booktitle     = {USENIX annual technical conference},
  volume        = {8},
  pages         = {9},
  year          = {2010},
  organization  = {Boston, MA, USA}
}

@Article{         lakshman2010cassandra,
  title         = {Cassandra: A decentralized structured storage system},
  author        = {Lakshman, Avinash and Malik, Prashant},
  journal       = {ACM SIGOPS Operating Systems Review},
  volume        = {44},
  number        = {2},
  pages         = {35--40},
  year          = {2010},
  publisher     = {ACM}
}

@InProceedings{   lantz2010network,
  title         = {A network in a laptop: rapid prototyping for software-defined
                  networks},
  author        = {Lantz, Bob and Heller, Brandon and McKeown, Nick},
  booktitle     = {Proceedings of the 9\textsuperscript{th} ACM SIGCOMM Workshop
                  on Hot Topics in Networks},
  pages         = {19},
  year          = {2010},
  organization  = {ACM}
}

@Article{         lusk2010more,
  title         = {More scalability, less pain: A simple programming model and
                  its implementation for extreme computing},
  author        = {Lusk, Ewing L. and Pieper, Steven C. and Butler, Ralph M. and
                  others},
  journal       = {SciDAC Review},
  volume        = {17},
  number        = {1},
  pages         = {30--37},
  year          = {2010}
}

@InProceedings{   malewicz2010pregel,
  title         = {Pregel: a system for large-scale graph processing},
  author        = {Malewicz, Grzegorz and Austern, Matthew H and Bik, Aart JC
                  and Dehnert, James C and Horn, Ilan and Leiser, Naty and
                  Czajkowski, Grzegorz},
  booktitle     = {Proceedings of the ACM SIGMOD International Conference on
                  Management of data},
  pages         = {135--146},
  year          = {2010},
  organization  = {ACM}
}

@TechReport{      rfc5798,
  author        = {S. Nadas},
  title         = {{Virtual Router Redundancy Protocol (VRRP) Version 3 for IPv4
                  and IPv6}},
  howpublished  = {Internet Requests for Comments},
  type          = {RFC},
  number        = 5798,
  pages         = {1--39},
  year          = {2010},
  month         = {March},
  issn          = {2070-1721},
  publisher     = {RFC Editor},
  institution   = {RFC Editor},
  url           = {http://www.rfc-editor.org/rfc/rfc5798.txt},
  doi           = {10.17487/RFC5798}
}

@InProceedings{   seo2010hama,
  title         = {Hama: An efficient matrix computation with the mapreduce
                  framework},
  author        = {Seo, Sangwon and Yoon, Edward J. and Kim, Jaehong and Jin,
                  Seongwook and Kim, Jin-Soo and Maeng, Seungryoul},
  booktitle     = {IEEE 2\textsuperscript{nd} international conference on Cloud
                  Computing Technology and Science (CloudCom'10)},
  pages         = {721--726},
  year          = {2010},
  organization  = {IEEE}
}

@InCollection{    belenky2011self,
  title         = {On Self-Repeating Effect in Reconstruction of Irregular
                  Waves},
  author        = {Belenky, Vadim},
  booktitle     = {Contemporary Ideas on Ship Stability and Capsizing in Waves},
  pages         = {589--597},
  year          = {2011},
  publisher     = {Springer}
}

@InProceedings{   degtyarev2011modelling,
  title         = {Modelling of incident waves near the ship’s hull
                  (application of autoregressive approach in problems of
                  simulation of rough seas)},
  author        = {Degtyarev, A. B. and Reed, A. M.},
  booktitle     = {Proceedings of the 12\textsuperscript{th} International Ship
                  Stability Workshop},
  year          = {2011}
}

@Article{         murthy2011architecture,
  title         = {Architecture of next generation apache hadoop mapreduce
                  framework},
  author        = {Murthy, Arun C. and Douglas, Chris and Konar, Mahadev and
                  O’Malley, Owen and Radia, Sanjay and Agarwal, Sharad and K.
                  V., Vinod},
  journal       = {Apache Jira},
  year          = {2011}
}

@Article{         schulte2011org2,
  author        = {Schulte, E. and Davison, D.},
  journal       = {Computing in Science Engineering},
  title         = {Active Documents with Org-Mode},
  year          = {2011},
  month         = {May-June},
  volume        = {13},
  number        = {3},
  pages         = {66--73},
  doi           = {10.1109/MCSE.2011.41},
  issn          = {1521-9615}
}

@InCollection{    svoboda2011efficient,
  title         = {Efficient computation of convolution of huge images},
  author        = {Svoboda, David},
  booktitle     = {Image Analysis and Processing--ICIAP 2011},
  pages         = {453--462},
  year          = {2011},
  publisher     = {Springer}
}

@TechReport{      boyer2012glusterfs,
  title         = {Glusterfs one storage server to rule them all},
  author        = {Boyer, Eric B. and Broomfield, Matthew C. and Perrotti,
                  Terrell A.},
  year          = {2012},
  institution   = {Los Alamos National Laboratory (LANL)}
}

@InProceedings{   handigol2012reproducible,
  title         = {Reproducible network experiments using container-based
                  emulation},
  author        = {Handigol, Nikhil and Heller, Brandon and Jeyakumar,
                  Vimalkumar and Lantz, Bob and McKeown, Nick},
  booktitle     = {Proceedings of the 8\textsuperscript{th} international
                  conference on Emerging networking experiments and
                  technologies},
  pages         = {253--264},
  year          = {2012},
  organization  = {ACM}
}

@InProceedings{   islam2012oozie,
  title         = {Oozie: towards a scalable workflow management system for
                  {Hadoop}},
  author        = {Islam, Mohammad and Huang, Angelo K. and Battisha, Mohamed
                  and Chiang, Michelle and Srinivasan, Santhosh and Peters,
                  Craig and Neumann, Andreas and Abdelnur, Alejandro},
  booktitle     = {Proceedings of the 1\textsuperscript{st} ACM SIGMOD Workshop
                  on Scalable Workflow Execution Engines and Technologies},
  pages         = {4},
  year          = {2012},
  organization  = {ACM}
}

@Article{         kale2012charm,
  title         = {Charm++ for Productivity and Performance},
  author        = {Kale, Laxmikant V. and Gupta, Anshu Arya Abhinav Bhatele
                  Abhishek and Jain, Nikhil and Lifflander, Pritish Jetley
                  Jonathan and Miller, Phil and Sun, Yanhua and Zheng, Ramprasad
                  Venkataraman Lukasz Wesolowski Gengbin},
  year          = {2012}
}

@InProceedings{   meyer2012radic,
  title         = {RADIC: A FaultTolerant Middleware with Automatic Management
                  of Spare Nodes*},
  author        = {Meyer, Hugo and Rexachs, Dolores and Luque, Emilio},
  booktitle     = {Proceedings of the International Conference on Parallel and
                  Distributed Processing Techniques and Applications (PDPTA)},
  pages         = {1},
  year          = {2012},
  organization  = {The Steering Committee of The World Congress in Computer
                  Science, Computer Engineering and Applied Computing
                  (WorldComp)}
}

@Article{         okorafor2012zookeeper,
  title         = {Availability of Jobtracker machine in hadoop/mapreduce
                  zookeeper coordinated clusters},
  author        = {Okorafor, Ekpe and Patrick, Mensah Kwabena},
  journal       = {Advanced Computing: An International Journal (ACIJ)},
  volume        = {3},
  number        = {3},
  pages         = {19--30},
  year          = {2012}
}

@Article{         schulte2011org1,
  author        = {Eric Schulte and Dan Davison and Thomas Dye and Carsten
                  Dominik},
  title         = {A Multi-Language Computing Environment for Literate
                  Programming and Reproducible Research},
  journal       = {Journal of Statistical Software},
  volume        = {46},
  number        = {3},
  pages         = {1--24},
  day           = {25},
  month         = {1},
  year          = {2012},
  coden         = {JSSOBK},
  issn          = {1548-7660},
  bibdate       = {2011-10-03},
  url           = {http://www.jstatsoft.org/v46/i03},
  accepted      = {2011-10-03},
  submitted     = {2010-12-22}
}

@InProceedings{   stab2012,
  author        = {A. Degtyarev and I. Gankevich},
  title         = {Evaluation of hydrodynamic pressures for autoregression model
                  of irregular waves},
  booktitle     = {Proceedings of 11\textsuperscript{th} International
                  Conference on Stability of Ships and Ocean Vehicles, Athens},
  year          = 2012,
  pages         = {841--852}
}

@Article{         degtyarev2013synoptic,
  title         = {Synoptic and short-term modeling of ocean waves},
  author        = {Degtyarev, Alexander B. and Reed, Arthur M.},
  journal       = {International Shipbuilding Progress},
  volume        = {60},
  number        = {1-4},
  pages         = {523--553},
  year          = {2013},
  publisher     = {IOS Press}
}

@Article{         divya2013elasticsearch,
  title         = {ElasticSearch: An advanced and quick search technique to
                  handle voluminous data},
  author        = {Divya, Manda Sai and Goyal, Shiv Kumar},
  journal       = {An International Journal of Advanced Computer Technology},
  volume        = {2},
  number        = {6},
  pages         = {171},
  year          = {2013},
  publisher     = {COMPUSOFT}
}

@Article{         egwutuoha2013survey,
  title         = {A survey of fault tolerance mechanisms and checkpoint/restart
                  implementations for high performance computing systems},
  author        = {Egwutuoha, Ifeanyi P. and Levy, David and Selic, Bran and
                  Chen, Shiping},
  journal       = {The Journal of Supercomputing},
  volume        = {65},
  number        = {3},
  pages         = {1302--1326},
  year          = {2013},
  publisher     = {Springer}
}

@PhDThesis{       heller2013reproducible,
  title         = {Reproducible Network Research with High-fidelity Emulation},
  author        = {Heller, Brandon},
  year          = {2013},
  school        = {Stanford University}
}

@Book{            pavel2013algorithms,
  title         = {Algorithms for efficient computation of convolution},
  author        = {Pavel, Karas and David, Svoboda},
  year          = {2013},
  publisher     = {INTECH Open Access Publisher}
}

@InProceedings{   vavilapalli2013yarn,
  author        = {Vavilapalli, Vinod Kumar and Murthy, Arun C. and Douglas,
                  Chris and Agarwal, Sharad and Konar, Mahadev and Evans, Robert
                  and Graves, Thomas and Lowe, Jason and Shah, Hitesh and Seth,
                  Siddharth and Saha, Bikas and Curino, Carlo and O'Malley, Owen
                  and Radia, Sanjay and Reed, Benjamin and Baldeschwieler,
                  Eric},
  title         = {Apache Hadoop YARN: Yet Another Resource Negotiator},
  booktitle     = {Proceedings of the 4\textsuperscript{th} Annual Symposium on
                  Cloud Computing},
  series        = {SOCC '13},
  year          = {2013},
  isbn          = {978-1-4503-2428-1},
  location      = {Santa Clara, California},
  pages         = {5:1--5:16},
  articleno     = {5},
  numpages      = {16},
  url           = {http://doi.acm.org/10.1145/2523616.2523633},
  doi           = {10.1145/2523616.2523633},
  acmid         = {2523633},
  publisher     = {ACM},
  address       = {New York, NY, USA}
}

@InProceedings{   acun2014charmpp,
  title         = {Parallel programming with migratable objects: {Charm++} in
                  practice},
  author        = {Acun, Bilge and Gupta, Arpan and Jain, Nikhil and Langer,
                  Akhil and Menon, Harshitha and Mikida, Eric and Ni, Xiang and
                  Robson, Michael and Sun, Yanhua and Totoni, Ehsan and others},
  booktitle     = {International Conference for High Performance Computing,
                  Networking, Storage and Analysis, SC'14},
  pages         = {647--658},
  year          = {2014},
  organization  = {IEEE}
}

@InProceedings{   lifflander2014scalable,
  title         = {Scalable replay with partial-order dependencies for
                  message-logging fault tolerance},
  author        = {Lifflander, Jonathan and Meneses, Esteban and Menon,
                  Harshitha and Miller, Phil and Krishnamoorthy, Sriram and
                  Kal{\'e}, Laxmikant V.},
  booktitle     = {IEEE International Conference on Cluster Computing
                  (CLUSTER)},
  pages         = {19--28},
  year          = {2014},
  organization  = {IEEE}
}

@Article{         romano2014design,
  title         = {Design and evaluation of a parallel invocation protocol for
                  transactional applications over the web},
  author        = {Romano, Paolo and Quaglia, Francesco},
  journal       = {IEEE Transactions on Computers},
  volume        = {63},
  number        = {2},
  pages         = {317--334},
  year          = {2014},
  publisher     = {IEEE}
}

@InProceedings{   anastopoulos2015assessing,
  author        = {Anastopoulos, Panayiotis A. and Spyrou, Kostas J.},
  year          = {2015},
  title         = {Assessing the Stability of Ships under the Effect of
                  Realistic wave groups},
  booktitle     = {International Conference on Stability of Ships and Ocean
                  Vehicles (STAB'15)},
  pages         = {489--498},
  address       = {Glasgow, UK}
}

@Book{            octave2015,
  author        = {John W. Eaton and David Bateman and S{\o}ren Hauberg and Rik
                  Wehbring},
  title         = {{GNU Octave} version 4.0.0 manual: a high-level interactive
                  language for numerical computations},
  year          = {2015},
  url           = {http://www.gnu.org/software/octave/doc/interpreter}
}

@Book{            ostrovsky2015couchbase,
  title         = {Pro Couchbase Server},
  author        = {Ostrovsky, David and Rodenski, Yaniv and Haji, Mohammed},
  year          = {2015},
  publisher     = {Apress}
}

@InProceedings{   weems2015rapid,
  author        = {Kenneth Weems and Vadim Belenky},
  year          = {2015},
  title         = {Rapid Ship Motion Simulations for Investigating Rare
                  Stability Failures in Irregular Seas},
  booktitle     = {International Conference on Stability of Ships and Ocean
                  Vehicles (STAB)},
  pages         = {915--925},
  address       = {Glasgow, UK}
}

@Manual{          mathematica10,
  author        = {{Wolfram Research, Inc.}},
  title         = {Mathematica},
  annote        = {Version 10.4},
  publisher     = {Wolfram Research, Inc.},
  address       = {Champaign, Illinois},
  year          = {2016}
}

@Manual{          rlang2016,
  title         = {R: A Language and Environment for Statistical Computing},
  author        = {{R Core Team}},
  organization  = {R Foundation for Statistical Computing},
  address       = {Vienna, Austria},
  year          = {2016},
  url           = {https://www.R-project.org/}
}

@Misc{            clfft,
  author        = {{clFFT developers}},
  title         = {{clFFT: OpenCL Fast Fourier Transforms (FFTs)}},
  howpublished  = {\url{https://clmathlibraries.github.io/clFFT/}}
}
